<?xml version="1.0" encoding="UTF-8"?><record xmlns="http://www.loc.gov/MARC21/slim" xmlns:cinclude="http://apache.org/cocoon/include/1.0" xmlns:zs="http://www.loc.gov/zing/srw/">
  <leader>00837cz  a2200181n  4500</leader>
  <controlfield tag="001">n  83203371 </controlfield>
  <controlfield tag="003">DLC</controlfield>
  <controlfield tag="005">20140326073844.0</controlfield>
  <controlfield tag="008">831125n| azannaabn          |n aaa      </controlfield>
  <datafield tag="010" ind1=" " ind2=" ">
    <subfield code="a">n  83203371 </subfield>
  </datafield>
  <datafield tag="035" ind1=" " ind2=" ">
    <subfield code="a">(OCoLC)oca01015182</subfield>
  </datafield>
  <datafield tag="040" ind1=" " ind2=" ">
    <subfield code="a">DLC</subfield>
    <subfield code="b">eng</subfield>
    <subfield code="e">rda</subfield>
    <subfield code="c">DLC</subfield>
    <subfield code="d">Uk</subfield>
    <subfield code="d">InU</subfield>
  </datafield>
  <datafield tag="046" ind1=" " ind2=" ">
    <subfield code="f">1952</subfield>
  </datafield>
  <datafield tag="100" ind1="1" ind2=" ">
    <subfield code="a">Kokot, Waltraud</subfield>
  </datafield>
  <datafield tag="374" ind1=" " ind2=" ">
    <subfield code="a">Anthropologists</subfield>
    <subfield code="2">lcsh</subfield>
  </datafield>
  <datafield tag="670" ind1=" " ind2=" ">
    <subfield code="a">Her Perceived control and the origins of misfortune, 1982:</subfield>
    <subfield code="b">t.p. (Waltraud Kokot)</subfield>
  </datafield>
  <datafield tag="670" ind1=" " ind2=" ">
    <subfield code="a">Her Theories of causality in the texts of a Zulu lightning-doctor, 1981:</subfield>
    <subfield code="b">t.p. (Waltraud Kokot) p. xiii (b. 1952, Cologne, W. Germany)</subfield>
  </datafield>
  <datafield tag="670" ind1=" " ind2=" ">
    <subfield code="a">Diaspora as a resource, 2013:</subfield>
    <subfield code="b">t.p. (Waltraut Kokot; ed.) back cover (prof., Institute for social and cultural anthropology, University of Hamburg, Germany; co-director of research project DiaspoRes: Diaspora as a Resource)</subfield>
  </datafield>
</record>